
@article{
  grunsky_rettungsdienst_2024,
  title={Rettungsdienst Berliner Rotes Kreuz MachineLearning-Einsatz in der Bereitschaftsplanung - Use Case Analyse},
  author={Grunsky, Georg},
  year={2024},
month={Dec} }

@article{
  taylor_forecasting_2017,
  title={Forecasting at scale},
  url={https://peerj.com/preprints/3190v2},
  DOI={10.7287/peerj.preprints.3190v2},
author={Taylor, Sean J and Letham, Benjamin} }

@book{
  deutsches_rotes_kreuz_drk-reformtarifvertrag_2023,
  title={DRK-Reformtarifvertrag},
  url={https://www.drk.de/fileadmin/user_upload/PDFs/Das_DRK/Verbandsstruktur/DRK-RTV_idF_49._AETV___13._AETV-TVUE_durchgeschriebene_Fassung.pdf},
  author={Deutsches Rotes Kreuz},
  year={2023},
month={May} }

@book{
  kuhn_caret_nodate-1,
  title={The caret Package},
  url={https://topepo.github.io/caret/},
author={Kuhn, Max} }

@misc{
  vermorel_pinball_2012,
  title={Pinball Loss Function Definition},
  url={https://www.lokad.com/pinball-loss-function-definition/},
  author={Vermorel, Joann√®s},
  year={2012},
month={Feb} }
