@misc{chatgpt2024,
  title = {Gespr{\"a}ch {\"U}ber {{Zeitreihenanalyse}} Und {{Modellierung}} Mit {{Facebook Prophet}}},
  author = {{ChatGPT}},
  year = {2024},
  month = oct,
  key = {ChatGPT, OpenAI},
  file = {C:\Users\ChSnsMgt\Zotero\storage\S6F9PUE2\670ac6a5-65a4-8005-9a38-2c38498ca2d7.html}
}

@book{croitoru_programmieren_2022,
  title = {{Programmieren mit Python}},
  shorttitle = {{DLMDWPMP01}},
  author = {Croitoru, Prof. Dr. Cosmina},
  year = {2022},
  month = sep,
  publisher = {IU Internationale Hochschule GmbH},
  address = {Erfurt},
  langid = {ngerman},
  file = {D:\Dokumente\IU_DataScience\Studienorganisation\2.Semester\DLMDWPMP01\Moduldateien\20220903_DLMDWPMP01_Skript.pdf}
}

@misc{datacamp_r_2020,
  title = {R {{Tutorial}}: {{Getting}} Started with Caret},
  shorttitle = {R {{Tutorial}}},
  author = {{DataCamp}},
  year = {2020},
  month = mar,
  urldate = {2025-03-03}
}

@misc{dorard_machine_2022,
  title = {Machine {{Learning Canvas}}},
  author = {Dorard, Louis},
  year = {2022},
  month = oct,
  urldate = {2023-04-04},
  abstract = {Template for developing new or documenting existing predictive systems that are based on machine learning techniques. Currently in HTML.},
  copyright = {GPL-2.0}
}

@misc{grunsky_rettungsdienst_2024,
  title = {{Rettungsdienst Berliner Rotes Kreuz MachineLearning-Einsatz in der Bereitschaftsplanung - Use Case Analyse}},
  author = {Grunsky, Georg},
  year = {2024},
  month = dec,
  langid = {ngerman},
  file = {C:\Users\ChSnsMgt\Zotero\storage\65YEGRBG\Grunsky - Rettungsdienst Berliner Rotes Kreuz MachineLearning-Einsatz in der Bereitschaftsplanung.pdf}
}

@article{grunsky_rettungsdienst_2025,
  title = {{Rettungsdienst Berliner Rotes Kreuz MachineLearning-Einsatz in der Bereitschaftsplanung - Projektplan}},
  author = {Grunsky, Georg},
  year = {2025},
  langid = {ngerman},
  file = {C:\Users\ChSnsMgt\Zotero\storage\JBWR7BJS\Grunsky - Rettungsdienst Berliner Rotes Kreuz MachineLearning-Einsatz in der Bereitschaftsplanung Finalisierun.pdf}
}

@misc{halliday_partial_2022,
  title = {Partial Autocorrelation Parameterisation of Models with Unit Roots on the Unit Circle},
  author = {Halliday, Jamie and Boshnakov, Georgi N.},
  year = {2022},
  month = aug,
  number = {arXiv:2208.05055},
  eprint = {2208.05055},
  primaryclass = {stat},
  publisher = {arXiv},
  doi = {10.48550/arXiv.2208.05055},
  urldate = {2025-03-10},
  abstract = {We propose a parametrization of autoregressive unit roots ARMA models (ARUMA) with partial autocorrelation coefficients to specify the autoregressive and integrated part of the model. We obtain the algebraic properties of the partial autocorrelations in the context of unit roots. The main result is that if a partial autocorrelation sequence contains some values equal to 1 or -1, then it can be split at these values into sub-sequences each of which represents the partial autocorrelations of a factor of the overall polynomial on the left-hand side of the model. A separate paper will discuss the details of the estimation procedure and its properties. An implementation is provided by Boshnakov and Halliday (2022) R package sarima, https://cran.r-project.org/package=sarima (function sarima).},
  archiveprefix = {arXiv},
  langid = {english},
  keywords = {Statistics - Methodology},
  file = {C:\Users\ChSnsMgt\Zotero\storage\3WY8CQPN\Halliday und Boshnakov - 2022 - Partial autocorrelation parameterisation of models with unit roots on the unit circle.pdf}
}

@misc{hyndman_cran_2025,
  title = {{{CRAN Task View}}: {{Time Series Analysis}}},
  shorttitle = {{{CRAN Task View}}},
  author = {Hyndman, Rob J. and Killick, Rebecca},
  year = {2025},
  month = mar,
  publisher = {Comprehensive R Archive Network (CRAN)},
  urldate = {2025-03-26},
  abstract = {Base R ships with a lot of functionality useful for time series, in particular in the stats package. This is complemented by many packages on CRAN, which are briefly summarized below. There is overlap between the tools for time series and those designed for specific domains including Econometrics, Finance and Environmetrics.},
  howpublished = {https://CRAN.R-project.org/view=TimeSeries},
  file = {C:\Users\ChSnsMgt\Zotero\storage\4248V8M2\TimeSeries.html}
}

@misc{hyndman_forecast_2009,
  title = {Forecast: {{Forecasting Functions}} for {{Time Series}} and {{Linear Models}}},
  shorttitle = {Forecast},
  author = {Hyndman, Rob and Athanasopoulos, George and Bergmeir, Christoph and Caceres, Gabriel and Chhay, Leanne and Kuroptev, Kirill and {O'Hara-Wild}, Mitchell and Petropoulos, Fotios and Razbash, Slava and Wang, Earo and Yasmeen, Farah},
  year = {2009},
  month = sep,
  pages = {8.23.0},
  publisher = {Comprehensive R Archive Network},
  doi = {10.32614/CRAN.package.forecast},
  urldate = {2025-03-26},
  abstract = {Methods and tools for displaying and analysing univariate time series forecasts including exponential smoothing via state space models and automatic ARIMA modelling.},
  langid = {english},
  file = {C:\Users\ChSnsMgt\Zotero\storage\653LSJZ4\Hyndman et al. - 2009 - forecast Forecasting Functions for Time Series and Linear Models.pdf}
}

@book{hyndman_forecasting_2021,
  title = {Forecasting: {{Principles}} and {{Practice}}},
  shorttitle = {5.8 {{Evaluating}} Point Forecast Accuracy {\textbar} {{Forecasting}}},
  author = {Hyndman, Rob J. and Athanasopoulos, George},
  year = {2021},
  month = may,
  edition = {3. Auflage},
  address = {Melbourne, Australia},
  urldate = {2025-03-25},
  abstract = {3rd edition},
  file = {C:\Users\ChSnsMgt\Zotero\storage\95H68TFX\accuracy.html}
}

@article{ki_verwenden_nodate,
  title = {{Verwenden Sie die KI-Checklisten als Roadmap f{\"u}r die Einf{\"u}hrung und Wartung von KI. Die Enterprise-Checkliste bereitet Ihre Organisation auf die Einf{\"u}hrung von KI im gro{\ss}en Ma{\ss}stab vor. Die Checkliste f{\"u}r den Start hilft Ihnen, schneller in die Produktion zu gelangen und dennoch die besten Methoden f{\"u}r Governance, Verwaltung und Sicherheit zu ber{\"u}cksichtigen.}},
  author = {Ki, Sichere},
  langid = {ngerman},
  file = {C:\Users\ChSnsMgt\Zotero\storage\FXCZ2Q4X\Ki - Verwenden Sie die KI-Checklisten als Roadmap für die Einführung und Wartung von KI. Die Enterprise-C.pdf}
}

@book{kofler_python_2022,
  title = {{Python: der Grundkurs}},
  shorttitle = {{Python}},
  author = {Kofler, Michael},
  year = {2022},
  edition = {2., aktualisierte Auflage},
  publisher = {Rheinwerk Computing},
  address = {Bonn},
  isbn = {978-3-8362-8513-1},
  langid = {german}
}

@book{kuhn_caret_2019,
  title = {The Caret {{Package}}},
  author = {Kuhn, Max},
  year = {2019},
  month = mar,
  urldate = {2025-03-03},
  abstract = {Documentation for the caret package.},
  file = {C:\Users\ChSnsMgt\Zotero\storage\9KN62REQ\caret.html}
}

@book{lampe_clean_2020,
  title = {{Clean Code f{\"u}r Dummies}},
  author = {Lampe, J{\"u}rgen},
  year = {2020},
  series = {{f{\"u}r Dummies}},
  publisher = {Wiley-VCH Verlag GmbH \& Co. KGaA},
  address = {Weinheim},
  abstract = {Clean Code ist ein wichtiges Konzept, um Programme mit m{\"o}glichst wenigen Fehlern zu entwickeln, die auch {\"u}ber lange Zeiten stabil weiterentwickelt werden k{\"o}nnen. Dieses Thema ist u.a. bereits von R.C. Martin: "Clean architecture" oder in der sehr humorvollen Darstellung von U. Post: "Besser coden" behandelt worden. Der Verfasser des Buchs hier arbeitet heraus, dass dieses Konzept hohes handwerkliches Geschick im Programmieren erfordert; aber er zeigt sehr gut die Vorteile bei der Weiterentwicklung der Software und der Anpassung an ver{\"a}nderte Einsatzbedingungen auf. Angesprochen werden Leser mit guten Kenntnissen in einer objektorientierten Programmiersprache. Das Buch ist didaktisch gut aufgebaut mit vielen Hinweisen zu Stolpersteinen und Hinweisen, wie man aus Fehlern lernen kann. Jedes Kapitel endet mit einer kurzen Zusammenfassung. Am Schluss des Buchs findet der Leser eine Liste von Webseiten, die den Inhalt des Buchs noch einmal vertiefen und erg{\"a}nzen. (2)},
  collaborator = {Schlich, Maud},
  isbn = {978-3-527-71634-0},
  langid = {german},
  file = {C:\Users\ChSnsMgt\Zotero\storage\KWKBIEWM\Lampe - 2020 - Clean Code für Dummies.pdf}
}

@misc{microsoft_azure_azure-tdsp-projecttemplate_2023,
  title = {Azure-{{TDSP-ProjectTemplate}}},
  author = {{Microsoft Azure}},
  year = {2023},
  month = oct,
  urldate = {2025-02-25},
  abstract = {TDSP: Data science project template repository with standardized directory structure and document templates to support efficient project execution and collaboration.},
  copyright = {CC-BY-4.0},
  howpublished = {Microsoft Azure},
  keywords = {team}
}

@misc{microsoft_azure_azure-tdsp-projecttemplatedocsprojectexit_2023,
  title = {Azure-{{TDSP-ProjectTemplate}}/{{Docs}}/{{Project}}/{{Exit Report}}.Md at Master {$\cdot$} {{Azure}}/{{Azure-TDSP-ProjectTemplate}}},
  author = {{Microsoft Azure}},
  year = {2023},
  month = oct,
  journal = {GitHub},
  urldate = {2025-06-08},
  abstract = {TDSP: Data science project template repository with standardized directory structure and document templates to support efficient project execution and collaboration.  - Azure/Azure-TDSP-ProjectTemp...},
  howpublished = {https://github.com/Azure/Azure-TDSP-ProjectTemplate/blob/master/Docs/Project/Exit\%20Report.md},
  langid = {english},
  file = {C:\Users\ChSnsMgt\Zotero\storage\7K8U3VHY\Exit Report.html}
}

@misc{microsoft_azure_tdsp_2017,
  title = {{{TDSP Lifecycle}}},
  author = {{Microsoft Azure}},
  year = {2017},
  month = sep,
  journal = {GitHub},
  urldate = {2025-02-25},
  abstract = {Repository for Microsoft Team Data Science Process containing documents and scripts - Azure/Microsoft-TDSP},
  howpublished = {https://github.com/Azure/Microsoft-TDSP/blob/master/Docs/lifecycle-detail.md},
  langid = {english},
  file = {C:\Users\ChSnsMgt\Zotero\storage\IZ46ACBD\lifecycle-detail.html}
}

@article{microtool_gmbh_use_2017,
  title = {The {{Use Case Handbook}}},
  author = {{microTool GmbH}},
  year = {2017},
  journal = {microTool GmbH},
  langid = {english},
  file = {C:\Users\ChSnsMgt\Zotero\storage\C4KGWUMX\The Use Case Handbook.pdf}
}

@misc{mike_python_2021,
  title = {Python 101 - {{How}} to {{Create}} a {{Graphical User Interface}}},
  author = {Mike},
  year = {2021},
  month = sep,
  urldate = {2024-08-10},
  abstract = {Learn how to create a cross-platform graphical user interface (GUI) with Python and the wxPython GUI toolkit}
}

@book{mueller_maschinelles_2017-1,
  title = {{Maschinelles Lernen mit Python und R f{\"u}r Dummies}},
  author = {Mueller, John Paul and Massaron, Luca},
  year = {2017},
  series = {{F{\"u}r Dummies}},
  publisher = {Wiley-VCH Verlag},
  address = {Weinheim},
  isbn = {978-3-527-71363-9},
  langid = {german}
}

@misc{noauthor_9_nodate,
  title = {9. {{Zeitreihenanalyse}} --- {{Data Science Crashkurs}} - {{Eine}} Interaktive Und Praktische {{Einf{\"u}hrung}}},
  urldate = {2024-08-10},
  howpublished = {https://data-science-crashkurs.de/chapters/kapitel\_09.html}
}

@misc{noauthor_9_nodate-1,
  title = {9. {{Zeitreihenanalyse}} --- {{Data Science Crashkurs}} - {{Eine}} Interaktive Und Praktische {{Einf{\"u}hrung}}},
  urldate = {2024-08-10},
  howpublished = {https://data-science-crashkurs.de/chapters/kapitel\_09.html}
}

@misc{noauthor_azure-tdsp-utilitiesdatascienceutilitiesdatareport-utils_nodate,
  title = {Azure-{{TDSP-Utilities}}/{{DataScienceUtilities}}/{{DataReport-Utils}} at Master {$\cdot$} {{Azure}}/{{Azure-TDSP-Utilities}}},
  journal = {GitHub},
  urldate = {2025-02-25},
  abstract = {Utilities and scripts  developed as part of Microsoft's Team Data Science Process for productive data science  - Azure/Azure-TDSP-Utilities},
  howpublished = {https://github.com/Azure/Azure-TDSP-Utilities/tree/master/DataScienceUtilities/DataReport-Utils},
  langid = {english},
  file = {C:\Users\ChSnsMgt\Zotero\storage\A57X6IDB\DataReport-Utils.html}
}

@misc{noauthor_building_2023,
  title = {Building, {{Testing}}, and {{Distributing Packages}}},
  year = {2023},
  month = dec,
  journal = {Posit Support},
  urldate = {2025-02-26},
  abstract = {Building, Testing, and Distributing Packages Build and Reload R packages contain a variety of resources including R code, native (C/C++/Fortran) code, datasets, documentation, as well as other supp...},
  howpublished = {https://support.posit.co/hc/en-us/articles/200486508-Building-Testing-and-Distributing-Packages},
  langid = {american},
  file = {C:\Users\ChSnsMgt\Zotero\storage\Y4YYBM5N\200486508-Building-Testing-and-Distributing-Packages.html}
}

@misc{noauthor_caret_nodate,
  title = {Caret {{Package}} - {{A Complete Guide}} to {{Build Machine Learning}} in {{R}}},
  urldate = {2025-03-03},
  howpublished = {https://www.machinelearningplus.com/machine-learning/caret-package/},
  file = {C:\Users\ChSnsMgt\Zotero\storage\V7WFM2NE\caret-package.html}
}

@misc{noauthor_cookbook_nodate,
  title = {Cookbook for {{R}}},
  urldate = {2025-03-26},
  howpublished = {http://www.cookbook-r.com/},
  file = {C:\Users\ChSnsMgt\Zotero\storage\SV7CHUYP\www.cookbook-r.com.html}
}

@misc{noauthor_customizing_2022,
  title = {Customizing {{Package Build Options}} in the {{RStudio IDE}}},
  year = {2022},
  month = jul,
  journal = {Posit Support},
  urldate = {2025-02-26},
  abstract = {Customizing Package Build Options Overview There are three R package build commands used by the package development tools in the RStudio IDE: R CMD check R CMD build R CMD INSTALL It's possible t...},
  howpublished = {https://support.posit.co/hc/en-us/articles/200486518-Customizing-Package-Build-Options-in-the-RStudio-IDE},
  langid = {american},
  file = {C:\Users\ChSnsMgt\Zotero\storage\38MA6V2G\200486518-Customizing-Package-Build-Options-in-the-RStudio-IDE.html}
}

@misc{noauthor_developing_2023,
  title = {Developing {{Packages}} with the {{RStudio IDE}}},
  year = {2023},
  month = nov,
  journal = {Posit Support},
  urldate = {2025-02-26},
  abstract = {Overview R packages are an ideal way to package and distribute R code and data for re-use by others. The RStudio IDE includes a variety of tools that make developing R packages easier and more prod...},
  howpublished = {https://support.posit.co/hc/en-us/articles/200486488-Developing-Packages-with-the-RStudio-IDE},
  langid = {american},
  file = {C:\Users\ChSnsMgt\Zotero\storage\XKW6ZJDL\200486488-Developing-Packages-with-the-RStudio-IDE.html}
}

@misc{noauthor_forecast_2014,
  title = {The Forecast Mean after Back-Transformation},
  year = {2014},
  month = feb,
  journal = {Rob J Hyndman},
  urldate = {2025-03-27},
  howpublished = {https://robjhyndman.com/hyndsight/backtransforming/},
  langid = {english},
  file = {C:\Users\ChSnsMgt\Zotero\storage\XZZ4VQ68\backtransforming.html}
}

@book{noauthor_forecasting_nodate,
  title = {Forecasting: {{Principles}} and {{Practice}} (2nd Ed)},
  shorttitle = {Forecasting},
  urldate = {2025-03-01},
  abstract = {2nd edition},
  file = {C:\Users\ChSnsMgt\Zotero\storage\A56XLN5D\index.html}
}

@misc{noauthor_how_nodate,
  title = {How to {{Do Linear Regression}} in {{R}}},
  urldate = {2025-05-04},
  abstract = {Learn linear regression, a statistical model that analyzes the relationship between variables. Follow our step-by-step guide to learn the lm() function in R.},
  howpublished = {https://www.datacamp.com/tutorial/linear-regression-R},
  langid = {english},
  file = {C:\Users\ChSnsMgt\Zotero\storage\H7DCN6BU\linear-regression-R.html}
}

@misc{noauthor_microsoft-tdspdocsproject-executionmd_nodate,
  title = {Microsoft-{{TDSP}}/{{Docs}}/Project-Execution.Md at Master {$\cdot$} {{Azure}}/{{Microsoft-TDSP}}},
  journal = {GitHub},
  urldate = {2025-02-25},
  abstract = {Repository for Microsoft Team Data Science Process containing documents and scripts - Azure/Microsoft-TDSP},
  howpublished = {https://github.com/Azure/Microsoft-TDSP/blob/master/Docs/project-execution.md},
  langid = {english},
  file = {C:\Users\ChSnsMgt\Zotero\storage\WW7RLBWC\project-execution.html}
}

@misc{noauthor_microsoft-tdspdocsreadmemd_nodate,
  title = {Microsoft-{{TDSP}}/{{Docs}}/{{README}}.Md at Master {$\cdot$} {{Azure}}/{{Microsoft-TDSP}}},
  journal = {GitHub},
  urldate = {2025-02-25},
  abstract = {Repository for Microsoft Team Data Science Process containing documents and scripts - Azure/Microsoft-TDSP},
  howpublished = {https://github.com/Azure/Microsoft-TDSP/blob/master/Docs/README.md},
  langid = {english},
  file = {C:\Users\ChSnsMgt\Zotero\storage\6BAVK3HT\README.html}
}

@misc{noauthor_microsoft-tdspdocsroles-tasksmd_nodate,
  title = {Microsoft-{{TDSP}}/{{Docs}}/Roles-Tasks.Md at Master {$\cdot$} {{Azure}}/{{Microsoft-TDSP}}},
  journal = {GitHub},
  urldate = {2025-02-25},
  abstract = {Repository for Microsoft Team Data Science Process containing documents and scripts - Azure/Microsoft-TDSP},
  howpublished = {https://github.com/Azure/Microsoft-TDSP/blob/master/Docs/roles-tasks.md},
  langid = {english},
  file = {C:\Users\ChSnsMgt\Zotero\storage\RKKYCL9I\roles-tasks.html}
}

@misc{noauthor_quick_2024,
  title = {Quick {{Start}}},
  year = {2024},
  month = oct,
  urldate = {2025-03-06},
  abstract = {Prophet is a forecasting procedure implemented in R and Python. It is fast and provides completely automated forecasts that can be tuned by hand by data scientists and analysts.},
  howpublished = {http://facebook.github.io/prophet/docs/quick\_start.html}
}

@misc{noauthor_rpubs_nodate,
  title = {{{RPubs}} - {{Time Series Cross Validation}}},
  urldate = {2025-03-01},
  howpublished = {https://rpubs.com/crossxwill/time-series-cv},
  file = {C:\Users\ChSnsMgt\Zotero\storage\JX4AUMMF\time-series-cv.html}
}

@misc{noauthor_rpubs_nodate-1,
  title = {{{RPubs}} - {{Forecasting}}: {{Principles}} and {{Practice}} 3: {{Part}} 2},
  urldate = {2025-04-30},
  howpublished = {https://rpubs.com/Sergio\_Garcia/forecasting\_r\_part\_2},
  file = {C:\Users\ChSnsMgt\Zotero\storage\QIHKNE73\forecasting_r_part_2.html}
}

@misc{noauthor_sarima_nodate,
  title = {{{SARIMA}} in {{R}}},
  year = {13:15:40+00:00},
  journal = {GeeksforGeeks},
  urldate = {2025-03-10},
  abstract = {A Computer Science portal for geeks. It contains well written, well thought and well explained computer science and programming articles, quizzes and practice/competitive programming/company interview Questions.},
  chapter = {AI-ML-DS},
  howpublished = {https://www.geeksforgeeks.org/sarima-in-r/},
  langid = {american},
  file = {C:\Users\ChSnsMgt\Zotero\storage\Y4MSWR7J\sarima-in-r.html}
}

@misc{noauthor_simulation_nodate,
  title = {Simulation and {{Prediction}} with {{Seasonal ARIMA Models}}},
  urldate = {2025-03-10},
  abstract = {Functions, classes and methods for time series modelling with ARIMA     and related models. The aim of the package is to provide consistent     interface for the user. For example, a single function autocorrelations()     computes various kinds of theoretical and sample autocorrelations. This is     work in progress, see the documentation and vignettes for the current     functionality.  Function sarima() fits extended multiplicative seasonal     ARIMA models with trends, exogenous variables and arbitrary roots on the     unit circle, which can be fixed or estimated (for the algebraic basis for     this see {$<$}arXiv:2208.05055{$>$}, a paper on the methodology is being prepared).},
  howpublished = {https://geobosh.github.io/sarima/},
  langid = {english},
  file = {C:\Users\ChSnsMgt\Zotero\storage\X63IL4EH\sarima.html}
}

@misc{noauthor_successful_nodate,
  title = {A Successful {{Git}} Branching Model},
  journal = {nvie.com},
  urldate = {2025-02-25},
  abstract = {In this post I present a Git branching strategy for developing and releasing software as I've used it in many of my projects, and which has turned out to be very successful.},
  howpublished = {http://nvie.com/posts/a-successful-git-branching-model/},
  langid = {english},
  file = {C:\Users\ChSnsMgt\Zotero\storage\SV39VTJ5\a-successful-git-branching-model.html}
}

@misc{noauthor_time_2021,
  title = {Time {{Series Analysis}}: {{Quick Intro}} with {{Examples}}},
  shorttitle = {Time {{Series Analysis}}},
  year = {2021},
  month = sep,
  urldate = {2024-08-10},
  abstract = {Intrigued by time series analysis? Find out more about the effective predictive technique and its 4 modelling types through real-world examples. Start now!},
  howpublished = {https://365datascience.com/tutorials/time-series-analysis-tutorials/time-series-analysis/}
}

@misc{noauthor_time_nodate,
  title = {Time Series {{Forecasting}} Tutorial},
  urldate = {2024-08-10},
  abstract = {A detailed guide to time series forecasting. Learn to use python and supporting frameworks. Learn about the statistical modelling involved.},
  howpublished = {https://www.datacamp.com/tutorial/tutorial-time-series-forecasting}
}

@misc{noauthor_time_nodate-1,
  title = {Time {{Series Analysis}}: {{Definition}}, {{Types}}, {{Techniques}}, and {{When It}}'s {{Used}}},
  shorttitle = {Time {{Series Analysis}}},
  urldate = {2024-08-10},
  abstract = {Time series analysis is a way of analyzing a sequence of data points collected over an interval of time. Read more about the different types and techniques.},
  howpublished = {https://www.tableau.com/learn/articles/time-series-analysis},
  file = {C:\Users\ChSnsMgt\Zotero\storage\VUILLFZL\Time Series Analysis Definition, Types, Techniques, and When It's Used.pdf}
}

@misc{noauthor_tutorial_nodate,
  title = {Tutorial: {{Hello}}, {{Quarto}}},
  shorttitle = {Tutorial},
  journal = {Quarto},
  urldate = {2025-02-25},
  howpublished = {https://quarto.org/docs/get-started/hello/jupyter.html},
  langid = {english},
  file = {C:\Users\ChSnsMgt\Zotero\storage\YYEJKLSR\jupyter.html}
}

@misc{noauthor_tutorial_nodate-1,
  title = {Tutorial: {{Computations}}},
  shorttitle = {Tutorial},
  journal = {Quarto},
  urldate = {2025-02-25},
  howpublished = {https://quarto.org/docs/get-started/computations/jupyter.html},
  langid = {english},
  file = {C:\Users\ChSnsMgt\Zotero\storage\SGY2A38F\jupyter.html}
}

@misc{noauthor_tutorial_nodate-2,
  title = {Tutorial: {{Authoring}}},
  shorttitle = {Tutorial},
  journal = {Quarto},
  urldate = {2025-02-25},
  howpublished = {https://quarto.org/docs/get-started/authoring/rstudio.html},
  langid = {english},
  file = {C:\Users\ChSnsMgt\Zotero\storage\XTS8PGSC\rstudio.html}
}

@misc{noauthor_why_2010,
  title = {Why Every Statistician Should Know about Cross-Validation},
  year = {2010},
  month = oct,
  journal = {Rob J Hyndman},
  urldate = {2025-03-01},
  howpublished = {https://robjhyndman.com/hyndsight/crossvalidation/},
  langid = {english},
  file = {C:\Users\ChSnsMgt\Zotero\storage\JP2ZE9W3\crossvalidation.html}
}

@misc{noauthor_writing_2022,
  title = {Writing {{Packages}}},
  year = {2022},
  month = dec,
  journal = {RStudio User Guide},
  urldate = {2025-02-25},
  howpublished = {https://docs.posit.co/ide/user/ide/guide/pkg-devel/writing-packages.html},
  langid = {english},
  file = {C:\Users\ChSnsMgt\Zotero\storage\5RKX33BT\writing-packages.html}
}

@misc{noauthor_writing_2022-1,
  title = {Writing {{R Package Documentation}}},
  year = {2022},
  month = sep,
  journal = {Posit Support},
  urldate = {2025-02-26},
  abstract = {Writing Package Documentation Overview One of the core requirements for R packages is that all exported functions, objects, and datasets have complete documentation. RStudio includes several tools ...},
  howpublished = {https://support.posit.co/hc/en-us/articles/200532317-Writing-R-Package-Documentation},
  langid = {american},
  file = {C:\Users\ChSnsMgt\Zotero\storage\78M7QDBW\200532317-Writing-R-Package-Documentation.html}
}

@misc{ohara-wild_fabletools_2019,
  title = {Fabletools: {{Core Tools}} for {{Packages}} in the 'fable' {{Framework}}},
  shorttitle = {Fabletools},
  author = {{O'Hara-Wild}, Mitchell and Hyndman, Rob and Wang, Earo},
  year = {2019},
  month = aug,
  pages = {0.5.0},
  publisher = {Comprehensive R Archive Network},
  doi = {10.32614/CRAN.package.fabletools},
  urldate = {2025-03-25},
  abstract = {Provides tools, helpers and data structures for developing models and time series functions for 'fable' and extension packages. These tools support a consistent and tidy interface for time series modelling and analysis.},
  langid = {english},
  file = {C:\Users\ChSnsMgt\Zotero\storage\Z4EPTTT3\O'Hara-Wild et al. - 2019 - fabletools Core Tools for Packages in the 'fable' Framework.pdf}
}

@misc{pak_aufgabenstellung_dlmdwme01_2024,
  title = {Aufgabenstellung\_{{DLMDWME01}}},
  author = {Pak, Markus},
  year = {2024},
  publisher = {IU Internationale Hochschule GmbH},
  urldate = {2024-08-09},
  file = {C:\Users\ChSnsMgt\Zotero\storage\W57Q795C\Aufgabenstellung_Fallstudie_DLMDWME01.pdf}
}

@book{pak_fallstudie_2022,
  title = {{Fallstudie: Model Engineering}},
  author = {Pak, Markus},
  year = {2022},
  edition = {Versionsnr.: 001-2023-0816},
  publisher = {IU Internationale Hochschule GmbH},
  langid = {ngerman},
  annotation = {Versionsnr.: 001-2023-0816},
  file = {C:\Users\ChSnsMgt\Zotero\storage\RAEC2X7B\Fallstudie Model Engineering.pdf}
}

@misc{pak_zusatzinformationen_dlmdwme01_2024,
  title = {Zusatzinformationen\_{{DLMDWME01}}},
  author = {Pak, Markus},
  year = {2024},
  publisher = {IU Internationale Hochschule GmbH},
  file = {C:\Users\ChSnsMgt\Zotero\storage\9BXI7HYR\Zusatzinformationen_DLMDWME01.pdf}
}

@misc{posit_quarto_2025,
  title = {Quarto},
  author = {{Posit}},
  year = {2025},
  journal = {Quarto},
  urldate = {2025-06-14},
  abstract = {An open source technical publishing system for creating beautiful articles, websites, blogs, books, slides, and more. Supports Python, R, Julia, and JavaScript.},
  howpublished = {https://quarto.org/},
  langid = {english},
  file = {C:\Users\ChSnsMgt\Zotero\storage\PU75RUN2\quarto.org.html}
}

@misc{python_get_nodate,
  title = {Get {{Started With Django}}: {{Build}} a {{Portfolio App}} -- {{Real Python}}},
  shorttitle = {Get {{Started With Django}}},
  author = {Python, Real},
  urldate = {2024-08-10},
  abstract = {In this step-by-step tutorial, you'll learn the basics of creating powerful web applications with Django, a Python web framework. You'll build an example portfolio application to showcase your web development projects.},
  howpublished = {https://realpython.com/get-started-with-django-1/}
}

@misc{python_python_nodate,
  title = {Python {{GUI Programming With Tkinter}} -- {{Real Python}}},
  author = {Python, Real},
  urldate = {2024-08-10},
  abstract = {In this tutorial, you'll learn the basics of GUI programming with Tkinter, the de facto Python GUI framework. Master GUI programming concepts such as widgets, geometry managers, and event handlers. Then, put it all together by building two applications: a temperature converter and a text editor.},
  howpublished = {https://realpython.com/python-gui-tkinter/},
  file = {C:\Users\ChSnsMgt\Zotero\storage\W43S4J75\Python - Python GUI Programming With Tkinter – Real Python.pdf}
}

@misc{richardondata_preprocessing_2021,
  title = {Preprocessing {{Data}} in {{R}} for {{ML}} with "Caret" (2021)},
  author = {{RichardOnData}},
  year = {2021},
  month = may,
  urldate = {2025-03-03}
}

@misc{rigoulet_python_2022,
  title = {The {{Python Requirements File}} and {{How}} to {{Create}} It},
  author = {Rigoulet, Xavier},
  year = {2022},
  month = jan,
  journal = {LearnPython.com},
  urldate = {2022-12-22},
  abstract = {Learn what a Python requirements.txt file is, how to create it, and how to maintain it with a list of required modules.},
  howpublished = {https://learnpython.com/blog/python-requirements-file/},
  langid = {american},
  file = {C:\Users\ChSnsMgt\Zotero\storage\3WX3JHDK\2022 - The Python Requirements File and How to Create it.html}
}

@misc{taylor_forecasting_2017,
  title = {Forecasting at Scale},
  author = {Taylor, Sean J and Letham, Benjamin},
  year = {2017},
  month = sep,
  publisher = {PeerJ Preprints},
  doi = {10.7287/peerj.preprints.3190v2},
  urldate = {2024-10-21},
  abstract = {Forecasting is a common data science task that helps organizations with capacity planning, goal setting, and anomaly detection. Despite its importance, there are serious challenges associated with producing reliable and high quality forecasts --especially when there are a variety of time series and analysts with expertise in time series modeling are relatively rare. To address these challenges, we describe a practical approach to forecasting ``at scale'' that combines configurable models with analyst-in-the-loop performance analysis. We propose a modular regression model with interpretable parameters that can be intuitively adjusted by analysts with domain knowledge about the time series. We describe performance analyses to compare and evaluate forecasting procedures, and automatically flag forecasts for manual review and adjustment. Tools that help analysts to use their expertise most effectively enable reliable, practical forecasting of business time series.},
  archiveprefix = {PeerJ Preprints},
  copyright = {http://creativecommons.org/licenses/by/4.0/},
  langid = {english},
  file = {C:\Users\ChSnsMgt\Zotero\storage\VJF4ZCNY\Taylor und Letham - 2017 - Forecasting at scale.pdf}
}

@misc{vermorel_pinball_2012,
  title = {Pinball {{Loss Function Definition}}},
  author = {Vermorel, Joann{\`e}s},
  year = {2012},
  month = feb,
  urldate = {2025-05-21},
  abstract = {The pinball loss function is a metric used to assess the accuracy of a quantile forecast.},
  howpublished = {https://www.lokad.com/pinball-loss-function-definition/},
  langid = {english},
  file = {C:\Users\ChSnsMgt\Zotero\storage\7AMUNTK6\pinball-loss-function-definition.html}
}
