@misc{angermeier_v-modell-xt_2024,
  title = {V-{{Modell-XT Das}} Deutsche {{Referenzmodell}} F{\"u}r {{Systementwicklungsprojekte Version}} 2.4},
  author = {Angermeier, Daniel and Bartelt, Christian and Bauer, Otto and Beneken, Gerd and Wittmann, Marion},
  year = {2024},
  publisher = {Verein zur Weiterentwicklung des V-Modell XT e.V. (Weit e.V.)},
  file = {C:\Users\ChSnsMgt\Zotero\storage\7IYVIBAK\V-Modell-XT-Gesamt.pdf}
}

@misc{chatgpt_schatzung_2025,
  title = {Sch{\"a}tzung Der {{Tageskosten}} F{\"u}r Ein {{Projektteam}} in {{Deutschland}}},
  author = {{ChatGPT}},
  year = {2025},
  month = feb
}

@misc{deutsches_rotes_kreuz_drk-reformtarifvertrag_2023,
  title = {{{DRK-Reformtarifvertrag}}},
  author = {{Deutsches Rotes Kreuz}},
  year = {2023},
  month = may,
  urldate = {2024-11-24},
  file = {C:\Users\ChSnsMgt\Zotero\storage\FS8HIC2W\DRK-RTV_idF_49._AETV___13._AETV-TVUE_durchgeschriebene_Fassung.pdf}
}

@book{flyvbjerg_how_2023,
  title = {How Big Things Get Done: The Surprising Factors That Determine the Fate of Every Project, from Home Renovations to Space Exploration and Everything in Between},
  shorttitle = {How Big Things Get Done},
  author = {Flyvbjerg, Bent and Gardner, Dan},
  year = {2023},
  publisher = {Currency},
  address = {New York},
  isbn = {978-0-593-23951-3 978-0-593-23952-0},
  langid = {english}
}

@article{greer_pm_2011,
  title = {The {{PM Minimalist Quick Start Guide}}: {{The Absolute Least You Can Do}}!},
  author = {Greer, Michael},
  year = {2011},
  langid = {english},
  file = {C:\Users\ChSnsMgt\Zotero\storage\MFUMY5J8\Greer - 2011 - The PM Minimalist Quick Start Guide The Absolute Least You Can Do!.pdf}
}

@misc{grunsky_rettungsdienst_2024,
  title = {{Rettungsdienst Berliner Rotes Kreuz MachineLearning-Einsatz in der Bereitschaftsplanung}},
  author = {Grunsky, Georg},
  year = {2024},
  month = dec,
  langid = {ngerman},
  file = {C:\Users\ChSnsMgt\Zotero\storage\65YEGRBG\Grunsky - Rettungsdienst Berliner Rotes Kreuz MachineLearning-Einsatz in der Bereitschaftsplanung.pdf}
}

@article{iu_internationale_hochschule_management_2024,
  title = {Management von {{IT-Projekten}}},
  author = {{IU Internationale Hochschule}},
  year = {2024},
  langid = {english},
  file = {C:\Users\ChSnsMgt\Zotero\storage\GMMHJKT7\Management von IT-Projekten.pdf}
}

@article{iu_internationale_hochschule_software_2023,
  title = {Software {{Engineering}} F{\"u}r {{Datenwissenschaften}}},
  editor = {{IU Internationale Hochschule}},
  year = {2023},
  file = {C:\Users\ChSnsMgt\Zotero\storage\TPRWYBEI\Software Engineering f√ºr Datenwissenschaften.pdf}
}

@article{microtool_gmbh_agile_2017,
  title = {Agile Project Controlling: The Most Important Instruments},
  author = {{microTool GmbH}},
  year = {2017},
  langid = {english},
  file = {C:\Users\ChSnsMgt\Zotero\storage\HIAV7VCZ\Agile project controlling the most important instruments.pdf}
}

@article{microtool_gmbh_agile_2017-1,
  title = {Agile with {{objectiF RPM}}},
  author = {{microTool GmbH}},
  year = {2017},
  urldate = {2024-12-29},
  file = {C:\Users\ChSnsMgt\Zotero\storage\Y4FZA9KM\Agile+with+objectiF+RPM.pdf}
}

@article{microtool_gmbh_agile_nodate,
  title = {Agile {{Project Management}}  and {{Scrum Compact}}},
  author = {{microTool GmbH}},
  urldate = {2024-12-23},
  file = {C:\Users\ChSnsMgt\Zotero\storage\BUAKG7Z5\download.pdf}
}

@article{microtool_gmbh_instep-blue_2023,
  title = {{{inSTEP-Blue Manuel}} for {{Projectmanager}}},
  author = {{microTool GmbH}},
  year = {2023},
  urldate = {2024-12-23},
  file = {C:\Users\ChSnsMgt\Zotero\storage\S97J2DER\download.pdf}
}

@misc{microtool_gmbh_objectif_2024,
  title = {{{objectiF RPM Benutzerhandbuch}}},
  author = {{microTool GmbH}},
  year = {2024},
  file = {C:\Users\ChSnsMgt\Zotero\storage\7749LK4T\objectiF-RPM-Benutzerhandbuch.pdf}
}

@article{microtool_gmbh_project_2017,
  title = {Project Planning and Control in Large Agile and Hybrid Projects with {{objectiF RPM}}},
  author = {{microTool GmbH}},
  year = {2017},
  langid = {english},
  file = {C:\Users\ChSnsMgt\Zotero\storage\9M2DD5PR\Project planning and control in large agile and hybrid projects with objectiF RPM.pdf}
}

@article{microtool_gmbh_project_2017-1,
  title = {Project Planning and Control in Large Agile and Hybrid Projects with {{objectiF RPM}}},
  author = {{microTool GmbH}},
  year = {2017},
  langid = {english},
  file = {C:\Users\ChSnsMgt\Zotero\storage\ULF698MB\Project planning and control in large agile and hybrid projects with objectiF RPM.pdf}
}

@article{microtool_gmbh_projectmanagement_2020,
  title = {Projectmanagement with In-{{STEP BLUE}}},
  author = {{microTool GmbH}},
  year = {2020},
  langid = {english},
  file = {C:\Users\ChSnsMgt\Zotero\storage\PPWWDN8J\Projectmanagement with in-STEP BLUE.pdf}
}

@article{microtool_gmbh_stakeholder_2017,
  title = {Stakeholder {{Compact}}},
  author = {{microTool GmbH}},
  year = {2017},
  langid = {english},
  file = {C:\Users\ChSnsMgt\Zotero\storage\YH7YKCW8\Stakeholder Compact.pdf}
}

@article{microtool_gmbh_use_2017,
  title = {The {{Use Case Handbook}}},
  author = {{microTool GmbH}},
  year = {2017},
  journal = {microTool GmbH},
  langid = {english},
  file = {C:\Users\ChSnsMgt\Zotero\storage\C4KGWUMX\The Use Case Handbook.pdf}
}

@misc{pak_aufgabenstellung_dlmdwme01_2024,
  title = {Aufgabenstellung\_{{DLMDWME01}}},
  author = {Pak, Markus},
  year = {2024},
  publisher = {IU Internationale Hochschule GmbH},
  urldate = {2024-08-09},
  file = {C:\Users\ChSnsMgt\Zotero\storage\W57Q795C\Aufgabenstellung_Fallstudie_DLMDWME01.pdf}
}

@book{pak_fallstudie_2022,
  title = {{Fallstudie: Model Engineering}},
  author = {Pak, Markus},
  year = {2022},
  edition = {Versionsnr.: 001-2023-0816},
  publisher = {IU Internationale Hochschule GmbH},
  langid = {ngerman},
  annotation = {Versionsnr.: 001-2023-0816},
  file = {C:\Users\ChSnsMgt\Zotero\storage\RAEC2X7B\Fallstudie Model Engineering.pdf}
}

@inproceedings{tamburri_sustainable_2020,
  title = {Sustainable {{MLOps}}: {{Trends}} and {{Challenges}}},
  shorttitle = {Sustainable {{MLOps}}},
  booktitle = {2020 22nd {{International Symposium}} on {{Symbolic}} and {{Numeric Algorithms}} for {{Scientific Computing}} ({{SYNASC}})},
  author = {Tamburri, Damian A.},
  year = {2020},
  month = sep,
  pages = {17--23},
  publisher = {IEEE},
  address = {Timisoara, Romania},
  doi = {10.1109/SYNASC51798.2020.00015},
  urldate = {2024-04-25},
  abstract = {Even simply through a GoogleTrends search it becomes clear that Machine-Learning Operations---or MLOps, for short---are climbing in interest from both a scientific and practical perspective. On the one hand, software components and middleware are proliferating to support all manners of MLOps, from AutoML (i.e., software which enables developers with limited machine-learning expertise to train high-quality models specific to their domain or data) to feature-specific ML engineering, e.g., Explainability and Interpretability. On the other hand, the more these platforms penetrate the day-today activities of software operations, the more the risk for AI Software becoming unsustainable from a social, technical, or organisational perspective. This paper offers a concise definition of MLOps and AI Software Sustainability and outlines key challenges in its pursuit.},
  copyright = {https://ieeexplore.ieee.org/Xplorehelp/downloads/license-information/IEEE.html},
  isbn = {978-1-7281-7628-4},
  langid = {english},
  file = {C:\Users\ChSnsMgt\Zotero\storage\2KXV6AMK\Tamburri - 2020 - Sustainable MLOps Trends and Challenges.pdf}
}

@misc{thomas-krennag_rack-server_2025,
  title = {{Rack-Server}},
  author = {{Thomas-Krenn.AG}},
  year = {2025},
  journal = {Webshop Thomas-Krenn.AG},
  urldate = {2025-02-12},
  abstract = {Hochwertige und individuell konfigurierbare Thomas-Krenn-Server finden Sie im Onlineshop der Thomas-Krenn.AG. Jetzt unverbindliches Angebot anfordern!},
  howpublished = {https://www.thomas-krenn.com/de/produkte/rack-server.html},
  langid = {ngerman}
}

@article{wikipedia_iso_2024,
  title = {{ISO 31000}},
  author = {{Wikipedia}},
  year = {2024},
  month = feb,
  journal = {Wikipedia},
  urldate = {2025-02-18},
  abstract = {Die ISO 31000:2018 ist eine ISO-Norm, die sich mit Risikomanagement besch{\"a}ftigt. Dabei legt die Norm Leitlinien fest, die den Umgang mit Risiken in einer Organisation beschreiben. Die spezielle Anwendung dieser Leitlinien kann an jedes Unternehmen in seiner spezifischen Umgebung angepasst werden. Der Standard liefert einen sehr allgemeinen Ansatz, der nicht industrie- oder sektorspezifisch ist und gleichzeitig f{\"u}r jegliche Art von Risiken anwendbar ist. Dar{\"u}ber hinaus kann die Norm w{\"a}hrend der gesamten Lebensdauer eines Unternehmens verwendet werden und ist auf allen Unternehmensebenen sowie im Prozess der Entscheidungsfindung implementierbar.},
  copyright = {Creative Commons Attribution-ShareAlike License},
  langid = {ngerman},
  annotation = {Page Version ID: 242100385}
}

@article{wikipedia_projektplan_2024,
  title = {Projektplan},
  author = {{Wikipedia}},
  year = {2024},
  month = aug,
  journal = {Wikipedia},
  urldate = {2024-12-11},
  abstract = {Projektplan (oder Projektmanagementplan) ist ein Begriff aus dem Projektmanagement und h{\"a}lt das Resultat s{\"a}mtlicher Planungsaktivit{\"a}ten in einem konsistenten Dokument oder mehreren koh{\"a}renten Dokumenten fest.},
  copyright = {Creative Commons Attribution-ShareAlike License},
  annotation = {Page Version ID: 247604445}
}

@article{wikipedia_projektstrukturplan_2022,
  title = {Projektstrukturplan},
  author = {{Wikipedia}},
  year = {2022},
  month = aug,
  journal = {Wikipedia},
  urldate = {2024-12-11},
  abstract = {Der Projektstrukturplan (PSP) (englisch work breakdown structure; abgek{\"u}rzt WBS) ist das Ergebnis einer Gliederung des Projekts in plan- und kontrollierbare Elemente. Ein Projekt wird im Rahmen der Strukturierung in Teilaufgaben und Arbeitspakete unterteilt. Teilaufgaben sind Elemente, die weiter unterteilt werden m{\"u}ssen, Arbeitspakete sind Elemente, die sich im PSP auf der untersten Ebene befinden und dort nicht weiter unterteilt werden. Arbeitspakete enthalten die Elemente (Vorgang, Vorg{\"a}nge), die f{\"u}r die weiteren Planungsstufen ben{\"o}tigt werden. Die Erstellung eines Projektstrukturplans ist nach heutigem Erkenntnisstand des Projektmanagements eine der zentralen Aufgaben der Projektplanung. Der PSP ist die Grundlage f{\"u}r die Termin- und Ablaufplanung, die Ressourceneinplanung und die Kostenplanung. Zudem flie{\ss}en die Erkenntnisse aus dem PSP in das Risikomanagement ein. Weil er als Grundlagenplanung f{\"u}r ein Projekt angesehen werden kann, wird der PSP gerne als ,,Plan der Pl{\"a}ne`` bezeichnet.},
  copyright = {Creative Commons Attribution-ShareAlike License},
  annotation = {Page Version ID: 225359387}
}
