
@article{
  pak_zusatzinformationen_dlmdwme01_2024,
  title={Zusatzinformationen_DLMDWME01},
  publisher={IU Internationale Hochschule GmbH},
  author={Pak, Markus},
year={2024} }
